<?xml version="1.0" encoding="utf-8"?>
<record xmlns="http://www.loc.gov/MARC21/slim" xmlns:xsi="http://www.w3.org/2001/XMLSchema-instance" xsi:schemaLocation="http://www.loc.gov/MARC21/slim http://www.loc.gov/standards/marcxml/schema/MARC21slim.xsd">
	<leader>     nam a22     Mi 4500</leader>
	<controlfield tag="001">6303</controlfield>
	<controlfield tag="003">aeadna</controlfield>
	<controlfield tag="006">m        d        </controlfield>
	<controlfield tag="007">cr cn |||m|||a</controlfield>
	<controlfield tag="008">220311s1938||||ua     fo    a00  0dara d</controlfield>
	<datafield ind1=" " ind2=" " tag="040">
		<subfield code="a">ZYU</subfield>
		<subfield code="b">ara</subfield>
		<subfield code="c">ZYU</subfield>
	</datafield>
	<datafield ind1="0" ind2=" " tag="041">
		<subfield code="a">ara</subfield>
	</datafield>
	<datafield ind1=" " ind2=" " tag="043">
		<subfield code="a">ma---</subfield>
	</datafield>
	<datafield ind1=" " ind2="4" tag="050">
		<subfield code="a">D17</subfield>
		<subfield code="b">.M3 1938</subfield>
	</datafield>
	<datafield ind1=" " ind2=" " tag="066">
		<subfield code="c">(3</subfield>
	</datafield>
	<datafield ind1="1" ind2="0" tag="082">
		<subfield code="a">930.09</subfield>
		<subfield code="b">21</subfield>
	</datafield>
	<datafield ind1="1" ind2=" " tag="100">
		<subfield code="a">المسعودي، أبو الحسن علي بن الحسين بن علي،</subfield>
		<subfield code="d">ت. 956؟</subfield>
	</datafield>
	<datafield ind1="1" ind2=" " tag="110">
		<subfield code="a"/>
	</datafield>
	<datafield ind1="1" ind2="0" tag="245">
		<subfield code="a">مروج الذهب ومعادن الجوهر</subfield>
		<subfield code="h">[electronic resource] /</subfield>
		<subfield code="c">تصنيف أبي الحسن علي بن الحسين بن علي المسعودي؛ راجع أصوله ، ورقمه، وضبط مبهمه، وعلق عليه:  محمد محي الدين عبدالحميد.</subfield>
	</datafield>
	<datafield ind1=" " ind2=" " tag="260">
		<subfield code="a">[القاهرة] :</subfield>
		<subfield code="b">دار الرجاء للطبع والنشر؛</subfield>
		<subfield code="a">بغداد:</subfield>
		<subfield code="b">المكتبةالعصرية،</subfield>
		<subfield code="c">[مقدمة الجزء الأول، 1357هـ=1938م].</subfield>
	</datafield>
	<datafield ind1=" " ind2=" " tag="300">
		<subfield code="a">online resource (4 ج. ؛)</subfield>
	</datafield>
	<datafield ind1=" " ind2=" " tag="490">
		<subfield code="a">المكتبة التاريخية</subfield>
	</datafield>
	<datafield ind1=" " ind2=" " tag="500">
		<subfield code="a">نبذة من سيرة المؤلف : مؤرخ، جغرافي ورائد نظرية الانحراف الوراثي. من أشهر العلماء العرب. والمعروف بهيرودوتس العرب. أبو الحسن علي بن الحسين بن علي المسعودي. وكنيته أبو الحسن، ولقبه قطب الدين، وهو من ذرية عبد الله بن مسعود، وقد ورد ذلك في كتابه مروج الذهب والتنبيه والاشراف يذكر به أهمية العراق وبغداد كونها مسقط رأسة بينما ورد في الفهرس لابن النديم أنه من أهالي المغرب  .عالم فلك وجغرافيا. ولد ببغداد وتعلم بها، وكان كثير الأسفار وقد زار بلاد فارس[؟] والهند وسيلان وأصقاع بحر قزوين والسودان وجنوب شبه الجزيرة العربية وبلاد الشام والروم . وانتهي به المطاف إلى فسطاط مصر،  وتوفي بالفسطاط. وصف المسعودي الزلزال في كتابه: &quot;مروج الذهب&quot; ووصف فيه البحر الميت، وطواحين الريح الأولي وربما كانت هذه الطواحين من مبتكرات الشعوب الإسلامية وقد عد العاِلـم كرامز ما كتبه المسعودي في كتابه هذا، عن الكائنات الحية أصلا لنظرية التطور. وقد أشار المسعودي في هذا الكتاب إلى الانحراف الوراثي في الحمضيات، أثناء عملية النقل لها من السند إلى مصر، وسجل هذا الانحراف على أصناف من الليمون. ويعتبر من أهم الرحالة وقد قدم معلومات أنثروبولوجية قيمة عن شعوب المناطق التي زارها فذكر أجناسهم وصفاتهم الجسمية وعاداتهم وتقاليدهم والحرف والمأكل والملبس والمأوى لكل شعب من الشعوب أما في كتابه التنبيه والاشراف فقد سبق علماء الغرب بذكره أثر البيئة والمناخ على الإنسان وهو كأغلب الجغرافيين العرب تأثر بفكرة الأقاليم السبعة متاثرًا  باليونانين  والفرس.</subfield>
	</datafield>
	<datafield ind1=" " ind2=" " tag="500">
		<subfield code="a">حالة المجلد الأول المادية : يحتاج إلى صيانة. الورق أصفر.</subfield>
	</datafield>
	<datafield ind1=" " ind2=" " tag="500">
		<subfield code="a">توجد خطوط بقلم رصاص تحت بعض الأسطر من الكتاب.</subfield>
	</datafield>
	<datafield ind1=" " ind2=" " tag="500">
		<subfield code="a">Part of the Arabic Collections Online (ACO) project, contributed by United Arab Emirates National Archives.</subfield>
	</datafield>
	<datafield ind1=" " ind2=" " tag="520">
		<subfield code="a">مروج الذهب ومعادن الجوهر كتاب في التاريخ ، يبدأ بالخليقة وينتهي بعهد الخليفة العباسي المطيع لله 973.  أَّوله: (الحمد لله أهل الحمد، ومستوجب الثناء والمجد ... الخ) . ذكر فيه: أنه صنف أولًا، كتابًا كبيرًا. سَّماه: (أخبار الزمان) . ثم اختصره. وسَّماه: (الأوسط). ثم أراد إجمال ما بسطه، واختصار ما وسطه في هذا الكتاب. وقال: نودعه ُلَمع ما في ذينك الكتابين، مما ضمناهما، وغير ذلك من أنواع العلوم، وأخبار الأمم. ثم قال: كنا قد أتينا على جميع تسمية أهل الأعصار، من رواة حملة الآثار، ونقلة السير والأخبار، وطبقات أهل العلم من عصر الصحابة. ثم من تلاهم: إلى سنة 332، اثنتين وثلاثين وثلاثمائة. في كتابنا: (أخبار الزمان) . وفي: (الأوسط) . وقد وسمت كتابي هذا بكتاب: (مروج الذهب) . لنفاسة ما حواه. وجعلته: (تحفة الأشراف) . لما قد ضمنته من جمل ما تدعو الحاجة إليه، وتنازع النفوس إلى علمه. ولم نترك نوعا من العلوم، ولا فنا من الأخبار، إلا أوردناه فيه: مفصلا، أو مجملا. فمن حرف شيئا من معناه، أو أزال ركنا من مبناه، أو طمس واضحة من معالمه، أو لبس شيئا من تراجمه، أو غيره، أو بدله، أو انتخبه، أو اختصره، أو نسبه إلى غيرنا، أو أضافه إلى سوانا، فوافاه من غضب الله، ووقوع نقمه، وقوادح بلاياه، ما يعجز عنه صبره، ويحار فكره، وجعله مثلة للعالمين، وعبرة للمعتبرين، وآية للمتوسمين، وسلبه الله - تعالى - ما أعطاه، وحال بينه وبين ما أنعم به عليه من قوة، ونعمة مبتدع السموات والأرض، من أي ملل كان، إنه على كل شيء قدير. جعلت هذا التخويف، في أول كتابي، وآخره، ليكون رادعا لمن ميله هوى، أو غلبه شقاء، فليراقب أمر ربه، وليحاذر سوء منقلبه، فالمدة يسيرة، والمسافة قصيرة،</subfield>
	</datafield>
	<datafield ind1=" " ind2=" " tag="533">
		<subfield code="a">Electronic reproduction.</subfield>
		<subfield code="b">New York, N.Y. :</subfield>
		<subfield code="c">New York University,</subfield>
		<subfield code="d">2022.</subfield>
		<subfield code="5">NNU</subfield>
	</datafield>
	<datafield ind1=" " ind2=" " tag="541">
		<subfield code="a">هدية سمو الشيخ فالح بن ناصر آل ثاني إلى مكتبة مركز الوثائق والدراسات أبو ظبي</subfield>
	</datafield>
	<datafield ind1=" " ind2="4" tag="650">
		<subfield code="a">التاريخ الإسلامي</subfield>
	</datafield>
	<datafield ind1=" " ind2="4" tag="651">
		<subfield code="a">العالم العربي</subfield>
		<subfield code="x">جغرافيا</subfield>
	</datafield>
	<datafield ind1=" " ind2="4" tag="650">
		<subfield code="a">الجغرافيا</subfield>
		<subfield code="y">العصور الوسطى</subfield>
	</datafield>
	<datafield ind1=" " ind2="4" tag="651">
		<subfield code="a">العالم العربي</subfield>
		<subfield code="x">تاريخ</subfield>
	</datafield>
	<datafield ind1=" " ind2="4" tag="651">
		<subfield code="a">العالم الإسلامي</subfield>
		<subfield code="x">تاريخ</subfield>
	</datafield>
	<datafield ind1=" " ind2="4" tag="651">
		<subfield code="a">العالم الإسلامي</subfield>
		<subfield code="x">جغرافيا.</subfield>
	</datafield>
	<datafield ind1=" " ind2="4" tag="651">
		<subfield code="a">العالم</subfield>
		<subfield code="x">تاريخ</subfield>
		<subfield code="y">الأعمال المبكرة حتى 1800.</subfield>
	</datafield>
	<datafield ind1="2" ind2=" " tag="700">
		<subfield code="a">عبد الحميد، محمد محيي الدين</subfield>
		<subfield code="e">محقق</subfield>
	</datafield>
	<datafield ind1="2" ind2=" " tag="710">
		<subfield code="a">Abu Dhabi (United Arab Emirates).</subfield>
		<subfield code="b">National Archives.</subfield>
	</datafield>
	<datafield ind1="0" ind2=" " tag="730">
		<subfield code="a">Arabic Collections Online.</subfield>
	</datafield>
	<datafield ind1="0" ind2=" " tag="775">
		<subfield code="a">المسعودي، أبي الحسن علي بن الحسين بن علي،</subfield>
		<subfield code="d">[د. م.] : 1283 [1867]</subfield>
		<subfield code="t">مروج الذهب ومعادن الجوهر /</subfield>
	</datafield>
	<datafield ind1="0" ind2=" " tag="775">
		<subfield code="a">المسعودي، أبي الحسن علي بن الحسين بن علي،</subfield>
		<subfield code="d">بيروت : دار الكتب العلمية، [1982]</subfield>
		<subfield code="t">مروج الذهب ومعادن الجوهر /</subfield>
	</datafield>
	<datafield ind1="0" ind2="8" tag="776">
		<subfield code="i">Print version:</subfield>
		<subfield code="a">المسعودي، أبو الحسن علي بن الحسين بن علي، ت. 956؟</subfield>
		<subfield code="t">مروج الذهب ومعادن الجوهر</subfield>
		<subfield code="w">(aeadna)6303</subfield>
	</datafield>
	<datafield ind1="4" ind2="0" tag="856">
		<subfield code="u">http://hdl.handle.net/2333.1/3n5tbdh2</subfield>
	</datafield>
	<datafield ind1=" " ind2=" " tag="949">
		<subfield code="a">930.09 ك س ك ر 1938</subfield>
		<subfield code="v">2</subfield>
		<subfield code="w">DDC</subfield>
		<subfield code="i">30018000012011</subfield>
		<subfield code="u">06/22/2003</subfield>
		<subfield code="d">04/26/2010</subfield>
		<subfield code="n">0</subfield>
		<subfield code="t">Book</subfield>
		<subfield code="l">av</subfield>
		<subfield code="m">MAIN</subfield>
		<subfield code="x">RAR</subfield>
	</datafield>
	<datafield ind1=" " ind2=" " tag="949">
		<subfield code="a">930.09 ك س ك ر 1938</subfield>
		<subfield code="v">1</subfield>
		<subfield code="w">DDC</subfield>
		<subfield code="i">30018000012012</subfield>
		<subfield code="u">06/22/2003</subfield>
		<subfield code="d">04/26/2010</subfield>
		<subfield code="n">0</subfield>
		<subfield code="t">Book</subfield>
		<subfield code="l">av</subfield>
		<subfield code="m">MAIN</subfield>
		<subfield code="x">RAR</subfield>
	</datafield>
	<datafield ind1=" " ind2=" " tag="949">
		<subfield code="a">930.09 ك س ك ر 1938</subfield>
		<subfield code="v">3</subfield>
		<subfield code="w">DDC</subfield>
		<subfield code="i">30018000012010</subfield>
		<subfield code="u">06/22/2003</subfield>
		<subfield code="d">04/26/2010</subfield>
		<subfield code="n">0</subfield>
		<subfield code="t">Book</subfield>
		<subfield code="l">av</subfield>
		<subfield code="m">MAIN</subfield>
		<subfield code="x">RAR</subfield>
	</datafield>
	<datafield ind1=" " ind2=" " tag="949">
		<subfield code="a">930.09 ك س ك ر 1938</subfield>
		<subfield code="v">4</subfield>
		<subfield code="w">DDC</subfield>
		<subfield code="i">30018000012009</subfield>
		<subfield code="u">06/22/2003</subfield>
		<subfield code="d">04/26/2010</subfield>
		<subfield code="n">0</subfield>
		<subfield code="t">Book</subfield>
		<subfield code="l">av</subfield>
		<subfield code="m">MAIN</subfield>
		<subfield code="x">RAR</subfield>
	</datafield>
	<datafield ind1=" " ind2=" " tag="959">
		<subfield code="a">NNU</subfield>
		<subfield code="b">WEB</subfield>
		<subfield code="c">GENI</subfield>
		<subfield code="t">0</subfield>
		<subfield code="m">Electronic access</subfield>
		<subfield code="s">01</subfield>
	</datafield>
	<datafield ind1=" " ind2=" " tag="999">
		<subfield code="i">aeadna_6303</subfield>
		<subfield code="s">uaena_aco000072:1</subfield>
		<subfield code="s">uaena_aco000073:2</subfield>
		<subfield code="s">uaena_aco000074:3</subfield>
		<subfield code="s">uaena_aco000075:4</subfield>
		<subfield code="e">(ERROR-880)(ERROR-SERIES)</subfield>
	</datafield>
</record>
